@inproceedings{zhang2017,
    author = {Zhang, X. and Zhao, Y. and Guo, B.},
    title = {Deep learning-based stress recognition from physiological signals},
    booktitle = {IEEE International Conference on Bioinformatics and Biomedicine (BIBM)},
    year = {2017},
    pages = {1278-1281}
}

@article{cohen2007,
    author = {Cohen, S. and Janicki-Deverts, D. and Miller, G. E.},
    title = {Psychological stress and disease},
    journal = {JAMA},
    volume = {298},
    number = {14},
    pages = {1685-1687},
    year = {2007}
}

@unpublished{nkurikiyeyezu,
    author = {Nkurikiyeyezu, K. and Yokokubo, A. and Lopez, G.},
    title = {The Influence of Person-Specific Biometrics in Improving Generic Stress Predictive Models},
    note = {Wearable Environment and Information Systems Lab, Aoyama Gakuin University, 5-10-1 Fuchinobe Chuo-ku, Sagamihara-shi, Kanagawa-ken 252-5258, Japan},
    year = {n.d.}
}

@article{sharma2012,
    author = {Sharma, N. and Gedeon, T.},
    title = {Objective measures, sensors and computational techniques for stress recognition and classification: A survey},
    journal = {Computer methods and programs in biomedicine},
    volume = {108},
    number = {3},
    pages = {1287-1301},
    year = {2012}
}

@article{healey2005,
    author = {Healey, J. A. and Picard, R. W.},
    title = {Detecting stress during real-world driving tasks using physiological sensors},
    journal = {IEEE Transactions on Intelligent Transportation Systems},
    volume = {6},
    number = {2},
    pages = {156-166},
    year = {2005}
}

@article{calvo2010,
    author = {Calvo, R. A. and D'Mello, S.},
    title = {Affect detection: An interdisciplinary review of models, methods, and their applications},
    journal = {IEEE Transactions on Affective Computing},
    volume = {1},
    number = {1},
    pages = {18-37},
    year = {2010}
}

@inproceedings{sano2013,
    author = {Sano, A. and Picard, R. W.},
    title = {Stress recognition using wearable sensors and mobile phones},
    booktitle = {Humaine Association Conference on Affective Computing and Intelligent Interaction (ACII)},
    year = {2013},
    pages = {671-676}
}

@misc{ravi2021,
    author = {Ravi, M. S.},
    title = {Stress-detection-in-nurse},
    year = {2021},
    howpublished = {\url{https://github.com/CPHSLab/Stress-Detection-in-Nurses}}
}
