@inproceedings{ghaderi2015,
    author    = "A. Ghaderi and J. Frounchi and A. Farnam",
    title     = "Machine learning-based signal processing using physiological signals for stress detection",
    year      = "2015",
    booktitle = "22nd Iranian Conference on Biomedical Engineering (ICBME)",
    address   = "Tehran, Iran"
}

@article{nkurikiyeyezu2019,
    author  = "K. Nkurikiyeyezu and G. L. A. Y.",
    title   = "The Effect of Person-Specific Biometrics in Improving Generic Stress Predictive Models",
    year    = "2019",
    journal = "Journal of Sensors and Materials",
    volume  = "II"
}

@misc{ravi2021,
    author  = "M. S. Ravi",
    title   = "Stress-detection-in-nurse",
    year    = "2021",
    note    = "[Online]. Available: https://github.com/CPHSLab/Stress-Detection-in-Nurses"
}

@article{priya2020,
    author  = "S. G. and N. P. T. Anu Priya",
    title   = "Predicting Anxiety, Depression and Stress in Modern Life using Machine Learning Algorithms",
    year    = "2020",
    journal = "Procedia Computer Science",
    volume  = "167",
    pages   = "1258-1267"
}

@article{daud2023,
    author  = "S. N. S. Sayed Daud and R. S. and T. W. S.",
    title   = "Safe-level SMOTE method for handling the class imbalanced problem in electroencephalography dataset of adult anxious state",
    year    = "2023",
    journal = "Biomedical Signal Processing and Control",
    volume  = "83",
    pages   = "104649"
}

@article{nijhawan2022,
    author  = "T. Nijhawan and G. A. and T. A.",
    title   = "Stress detection using natural language processing and machine learning over social interactions",
    year    = "2022",
    journal = "Journal of Big Data",
    volume  = "9"
}

@article{rosa2018,
    author  = "R. L. Rosa and G. M. Schwartz and W. V. Ruggiero and D. Z. Rodr√≠guez",
    title   = "A Knowledge-Based Recommendation System That Includes Sentiment Analysis and Deep Learning",
    year    = "2018",
    journal = "IEEE Transactions on Industrial Information",
    volume  = "15",
    number  = "4",
    pages   = "2124-2135"
}

@article{ahuja2019,
    author  = "R. Ahuja and A. B.",
    title   = "Mental Stress Detection in University Students using Machine Learning Algorithms",
    year    = "2019",
    journal = "Procedia Computer Science",
    volume  = "152",
    pages   = "349-353"
}

@article{dahal2023,
    author  = "K. Dahal and B. B.-J. and D.",
    title   = "Global Stress Detection Framework Combining a Reduced Set of HRV Features and Random Forest Model",
    year    = "2023",
    journal = "Sensors",
    volume  = "23",
    number  = "11"
}
